@Manual{R-base,
  title = {R: A Language and Environment for Statistical Computing},
  author = {{R Core Team}},
  organization = {R Foundation for Statistical Computing},
  address = {Vienna, Austria},
  year = {2016},
  url = {https://www.R-project.org/},
}
@Manual{R-rmarkdown,
  title = {rmarkdown: Dynamic Documents for R},
  author = {JJ Allaire and Joe Cheng and Yihui Xie and Jonathan McPherson and Winston Chang and Jeff Allen and Hadley Wickham and Aron Atkins and Rob Hyndman},
  year = {2016},
  note = {R package version 1.3},
  url = {https://CRAN.R-project.org/package=rmarkdown},
}
@book{pachauri2015ipcc,
  title={IPCC, 2014: Climate Change 2014: Synthesis Report. Contribution of Working Groups I, II and III to the Fifth Assessment Report of the Intergovernmental Panel on Climate Change},
  author={Pachauri, Rajendra K and Meyer, Leo and Plattner, Gian-Kasper and Stocker, Thomas and others},
  year={2015},
  publisher={IPCC}
}

@book{latour2012we,
  title={We have never been modern},
  author={Latour, Bruno},
  year={2012},
  publisher={Harvard university press}
}


@article{dennis2017, title={Scott Pruitt suggests he will restrict scientists who get EPA grants from advising the agency}, url={https://www.washingtonpost.com/news/energy-environment/wp/2017/10/17/scott-pruitt-suggests-he-will-restrict-scientists-who-get-epa-grants-from-advising-the-agency/?utm_term=.9b1b4a114b1e}, journal={Washington Post}, publisher={Washington Post}, author={Dennis, Brady}, year={2017}, month={Oct}}

@article{huggel2016reconciling,
  title={Reconciling justice and attribution research to advance climate policy},
  author={Huggel, Christian and Wallimann-Helmer, Ivo and Stone, Daithi and Cramer, Wolfgang},
  journal={Nature Climate Change},
  volume={6},
  number={10},
  pages={901},
  year={2016},
  publisher={Nature Publishing Group}
}
